@article{ref:suzuki2021,
  title={粘弾性流体のレオロジーの基礎},
  author={鈴木 洋},
  journal={色材協会誌},
  volume={84},
  number={2},
  pages={47-51},
  year={2010},
  doi={10.4011/shikizai.84.47}
}
@book{ref:1,
  title={Bubbles, drops, and particles in non-Newtonian fluids},
  author={Chhabra, Raj P},
  year={2006},
  publisher={CRC press}
}
@article{ref:2,
  title={A numerical study of the motion of a spherical drop rising in shear-thinning fluid systems},
  author={Ohta, Mitsuhiro and Iwasaki, Eiji and Obata, Eiji and Yoshida, Yutaka},
  journal={Journal of non-newtonian fluid mechanics},
  volume={116},
  number={1},
  pages={95--111},
  year={2003},
  publisher={Elsevier}
}
@article{ref:3,
  title={Dynamic processes in a deformed drop rising through shear-thinning fluids},
  author={Ohta, Mitsuhiro and Iwasaki, Eiji and Obata, Eiji and Yoshida, Yutaka},
  journal={Journal of non-newtonian fluid mechanics},
  volume={132},
  number={1-3},
  pages={100--107},
  year={2005},
  publisher={Elsevier}
}
@article{ref:4,
  title={Numerical simulation of a bubble rising in shear-thinning fluids},
  author={Zhang, Li and Yang, Chao and Mao, Zai-Sha},
  journal={Journal of Non-Newtonian Fluid Mechanics},
  volume={165},
  number={11-12},
  pages={555--567},
  year={2010},
  publisher={Elsevier}
}
@article{ref:5,
  title={圧力振動を用いた Shear-thinning 性流体からの脱泡},
  author={岩田修一 and 内田信悟 and 石田和人 and 森秀樹},
  journal={化学工学論文集},
  volume={33},
  number={4},
  pages={294--299},
  year={2007},
  publisher={公益社団法人 化学工学会}
}
@article{ref:6,
  title={Ultrasonic tracking of a sinking ball in a vibrated dense granular suspension},
  author={van den Wildenberg, S and Jia, X and L{\'e}opold{\`e}s, J and Tourin, A},
  journal={Scientific reports},
  volume={9},
  number={1},
  pages={1--8},
  year={2019},
  publisher={Nature Publishing Group}
}
@article{ref:7,
  title={Acoustic boundary layer},
  author={Egorichev, AV and Kravchun, PN and Chernyshev, KV},
  journal={Soviet Physics Journal},
  volume={22},
  number={11},
  pages={1200--1204},
  year={1979},
  publisher={Springer}
}
@article{ref:8-5,
  title={Settling of an isolated spherical particle in a yield stress shear thinning fluid},
  author={Putz, AMV and Burghelea, TI and Frigaard, IA and Martinez, DM},
  journal={Physics of Fluids},
  volume={20},
  number={3},
  pages={033102},
  year={2008},
  publisher={American Institute of Physics}
}
@article{ref:12,
  title={The effects of viscoelasticity on the transient motion of a sphere in a shear-thinning fluid},
  author={Arigo, Mark T and McKinley, Gareth H},
  journal={Journal of Rheology},
  volume={41},
  number={1},
  pages={103--128},
  year={1997},
  publisher={The Society of Rheology}
}
@article{ref:sakanishi,
  title={〈緩和時間〉},
  author={坂西 明郎},
  journal={日本バイオレオロジー学会誌},
  volume={3},
  number={2},
  pages={50-50},
  year={1989},
  doi={10.11262/jpnbr1987.3.2_87}
}
@article{ref:t-koshiba1996,
  title={Effect of temperature on the dynamic and steady-shear rheology of a new microbial extracellular polysaccharide produced from glycerol byproduct},
  author={Alves, V{\'\i}tor D and Freitas, Filomena and Costa, Nuno and Carvalheira, M{\'o}nica and Oliveira, Rui and Gon{\c{c}}alves, Maria P and Reis, Maria AM},
  journal={Carbohydrate Polymers},
  volume={79},
  number={4},
  pages={981--988},
  year={2010},
  publisher={Elsevier}
}
@article{ref:9,
  title={擬塑性流体中の落下球に及ぼす超音波照射の影響},
  author={岩室 秀 and 渡村 友昭 and 杉山 和靖},
  journal={混相流},
  volume={33},
  number={1},
  pages={87-95},
  year={2019},
  doi={10.3811/jjmf.2019.007}
}
@article{ref:10,
  title={Rapid rheological characterization of a viscoelastic fluid based on spatiotemporal flow velocimetry},
  author={Shiratori, Takahisa and Tasaka, Yuji and Murai, Yuichi},
  journal={Experimental Thermal and Fluid Science},
  volume={71},
  pages={1--13},
  year={2016},
  publisher={Elsevier}
}
@mastersthesis{ref:8,
  author={岩室 秀},
  title={超音波照射された擬塑性流体中における物体の高速化},
  school={大阪大学},
  year={2020}
}
@article{ref:Rahimi2007,
  title={On shear rheology of gel propellants},
  author={Rahimi, Shai and Peretz, Arie and Natan, Benveniste},
  journal={Propellants, Explosives, Pyrotechnics: An International Journal Dealing with Scientific and Technological Aspects of Energetic Materials},
  volume={32},
  number={2},
  pages={165--174},
  year={2007},
  publisher={Wiley Online Library}
}
@article{ref:Agi2018,
  title={Natural polymer flow behaviour in porous media for enhanced oil recovery applications: a review},
  author={Agi, Augustine and Junin, Radzuan and Gbonhinbor, Jeffrey and Onyekonwu, Mike},
  journal={Journal of Petroleum Exploration and Production Technology},
  volume={8},
  number={4},
  pages={1349--1362},
  year={2018},
  publisher={Springer}
}