@article{2010-suzuki,
  title={粘弾性流体のレオロジーの基礎},
  author={鈴木 洋},
  journal={色材協会誌},
  volume={84},
  number={2},
  pages={47-51},
  year={2010},
  doi={10.4011/shikizai.84.47}
}